@article{tmm,
  title={The fastest known globally convergent first-order method for minimizing strongly convex functions},
  author={Van Scoy, Bryan and Freeman, Randy A and Lynch, Kevin M},
  journal={IEEE Control Systems Letters},
  volume={2},
  number={1},
  pages={49--54},
  year={2017},
  publisher={IEEE},
  doi={10.1109/LCSYS.2017.2722406}
}

@article{lessard16,
  title={Analysis and design of optimization algorithms via integral quadratic constraints},
  author={Lessard, Laurent and Recht, Benjamin and Packard, Andrew},
  journal={SIAM Journal on Optimization},
  volume={26},
  number={1},
  pages={57--95},
  year={2016},
  doi={10.1137/15M1009597}
}

@article{lessard2015optimal,
  title={Optimal control of two-player systems with output feedback},
  author={Lessard, Laurent and Lall, Sanjay},
  journal={IEEE Transactions on Automatic Control},
  volume={60},
  number={8},
  pages={2129--2144},
  year={2015},
  publisher={IEEE},
  doi={10.1109/TAC.2015.2400658}
}

@article{sundararajan2020analysis,
  title={Analysis and design of first-order distributed optimization algorithms over time-varying graphs},
  author={Sundararajan, Akhil and Van Scoy, Bryan and Lessard, Laurent},
  journal={IEEE Transactions on Control of Network Systems},
  volume={7},
  number={4},
  pages={1597--1608},
  year={2020},
  publisher={IEEE},
  doi={10.1109/TCNS.2020.2988009}
}